<record><leader>00000cas a2200000 a 4500</leader><controlfield tag="001">45876827</controlfield><controlfield tag="008">010208c20019999miuwr n       0    0eng c</controlfield><datafield ind1=" " ind2=" " tag="010"><subfield code="a">sn2001061602</subfield></datafield><datafield ind1=" " ind2=" " tag="040"><subfield code="a">MHN</subfield><subfield code="b">eng</subfield><subfield code="c">MHN</subfield><subfield code="d">OCLCQ</subfield><subfield code="d">OCLCF</subfield><subfield code="d">OCLCO</subfield><subfield code="d">OCLCA</subfield></datafield><datafield ind1="1" ind2=" " tag="029"><subfield code="a">AU@</subfield><subfield code="b">000022280837</subfield></datafield><datafield ind1=" " ind2=" " tag="042"><subfield code="a">pcc</subfield></datafield><datafield ind1=" " ind2=" " tag="043"><subfield code="a">n-us-mi</subfield></datafield><datafield ind1="0" ind2=" " tag="130"><subfield code="a">Journal (Wayne, Mich.)</subfield></datafield><datafield ind1="1" ind2="4" tag="245"><subfield code="a">The journal.</subfield></datafield><datafield ind1="1" ind2="3" tag="246"><subfield code="a">Canton journal</subfield></datafield><datafield ind1="1" ind2="3" tag="246"><subfield code="a">Northville journal</subfield></datafield><datafield ind1="1" ind2="3" tag="246"><subfield code="a">Plymouth journal</subfield></datafield><datafield ind1=" " ind2=" " tag="260"><subfield code="a">Wayne, Mich. :</subfield><subfield code="b">Journal Newspapers</subfield></datafield><datafield ind1=" " ind2=" " tag="300"><subfield code="a">v.</subfield></datafield><datafield ind1=" " ind2=" " tag="310"><subfield code="a">Weekly</subfield></datafield><datafield ind1="0" ind2=" " tag="362"><subfield code="a">Vol. 2, no. 1 (Jan. 11, 2001)-</subfield></datafield><datafield ind1=" " ind2=" " tag="580"><subfield code="a">Formed by union of: Plymouth journal (Plymouth, Mich.), and: Northville journal (Northville, Mich.), and: Canton journal (Canton, Mich.).</subfield></datafield><datafield ind1=" " ind2="0" tag="651"><subfield code="a">Plymouth (Mich.)</subfield><subfield code="v">Newspapers.</subfield></datafield><datafield ind1=" " ind2="0" tag="651"><subfield code="a">Canton (Mich.)</subfield><subfield code="v">Newspapers.</subfield></datafield><datafield ind1=" " ind2="0" tag="651"><subfield code="a">Northville (Mich.)</subfield><subfield code="v">Newspapers.</subfield></datafield><datafield ind1=" " ind2="0" tag="651"><subfield code="a">Wayne County (Mich.)</subfield><subfield code="v">Newspapers.</subfield></datafield><datafield ind1=" " ind2="7" tag="655"><subfield code="a">Newspapers.</subfield><subfield code="2">fast</subfield><subfield code="0">(OCoLC)fst01423814</subfield></datafield><datafield ind1=" " ind2="7" tag="651"><subfield code="a">Michigan</subfield><subfield code="z">Canton.</subfield><subfield code="2">fast</subfield><subfield code="0">(OCoLC)fst01219802</subfield></datafield><datafield ind1=" " ind2="7" tag="651"><subfield code="a">Michigan</subfield><subfield code="z">Northville.</subfield><subfield code="2">fast</subfield><subfield code="0">(OCoLC)fst01219863</subfield></datafield><datafield ind1=" " ind2="7" tag="651"><subfield code="a">Michigan</subfield><subfield code="z">Plymouth.</subfield><subfield code="2">fast</subfield><subfield code="0">(OCoLC)fst01219865</subfield></datafield><datafield ind1=" " ind2="7" tag="651"><subfield code="a">Michigan</subfield><subfield code="z">Wayne County.</subfield><subfield code="2">fast</subfield><subfield code="0">(OCoLC)fst01206628</subfield></datafield><datafield ind1=" " ind2=" " tag="752"><subfield code="a">United States</subfield><subfield code="b">Michigan</subfield><subfield code="c">Wayne</subfield><subfield code="d">Plymouth.</subfield></datafield><datafield ind1=" " ind2=" " tag="752"><subfield code="a">United States</subfield><subfield code="b">Michigan</subfield><subfield code="c">Wayne</subfield><subfield code="d">Canton.</subfield></datafield><datafield ind1=" " ind2=" " tag="752"><subfield code="a">United States</subfield><subfield code="b">Michigan</subfield><subfield code="c">Wayne</subfield><subfield code="d">Northville.</subfield></datafield><datafield ind1="0" ind2="4" tag="780"><subfield code="t">Plymouth journal (Plymouth, Mich.)</subfield><subfield code="w">(DLC)sn2001061600</subfield><subfield code="w">(OCoLC)45203658</subfield></datafield><datafield ind1="0" ind2="4" tag="780"><subfield code="t">Northville journal (Northville, Mich.)</subfield><subfield code="w">(DLC)sn2001061601</subfield><subfield code="w">(OCoLC)45265785</subfield></datafield><datafield ind1="0" ind2="4" tag="780"><subfield code="t">Canton journal (Canton, Mich.)</subfield></datafield></record>